@article{Goh2023,
  author       = {E. Goh and O. Al-Tabbaa and Z. Khan},
  title        = {Unravelling the Complexity of the Video Game Industry: An Integrative Framework and Future Research Directions},
  journal      = {Telematics and Informatics Reports},
  volume       = {12},
  pages        = {100100},
  year         = {2023},
  doi          = {10.1016/j.tair.2023.100100}
}